<record><leader>00000cas a2200000 a 4500</leader><controlfield tag="001">12608721</controlfield><controlfield tag="008">850927d18581865gaudn ne      0    0eng c</controlfield><datafield ind1=" " ind2=" " tag="010"><subfield code="a">sn 85038496 </subfield></datafield><datafield ind1=" " ind2=" " tag="040"><subfield code="a">NPY</subfield><subfield code="b">eng</subfield><subfield code="c">NPY</subfield><subfield code="d">NPU</subfield><subfield code="d">NPT</subfield><subfield code="d">NPX</subfield><subfield code="d">NPA</subfield><subfield code="d">DLC</subfield><subfield code="d">NLG</subfield><subfield code="d">KNP</subfield><subfield code="d">MGN</subfield><subfield code="d">YOX</subfield><subfield code="d">NVF</subfield><subfield code="d">DLC</subfield><subfield code="d">DCN</subfield><subfield code="d">OCL</subfield><subfield code="d">GUA</subfield><subfield code="d">KRTAS</subfield><subfield code="d">DLC</subfield><subfield code="d">UKMGB</subfield><subfield code="d">OCLCQ</subfield><subfield code="d">OCLCF</subfield><subfield code="d">AQM</subfield><subfield code="d">TYC</subfield></datafield><datafield ind1="7" ind2=" " tag="016"><subfield code="a">013914567</subfield><subfield code="2">Uk</subfield></datafield><datafield ind1="1" ind2=" " tag="029"><subfield code="a">AU@</subfield><subfield code="b">000020234945</subfield></datafield><datafield ind1=" " ind2=" " tag="042"><subfield code="a">pcc</subfield></datafield><datafield ind1=" " ind2=" " tag="043"><subfield code="a">n-us-ga</subfield></datafield><datafield ind1="0" ind2="0" tag="050"><subfield code="a">Newspaper</subfield></datafield><datafield ind1="0" ind2=" " tag="130"><subfield code="a">Savannah Republican (Savannah, Ga. : 1858)</subfield></datafield><datafield ind1="1" ind2="4" tag="245"><subfield code="a">The Savannah Republican.</subfield></datafield><datafield ind1="1" ind2=" " tag="246"><subfield code="i">Issues for July 2, 1860-Dec. 18, 1860 published with title:</subfield><subfield code="a">Savannah daily Republican</subfield></datafield><datafield ind1=" " ind2=" " tag="260"><subfield code="a">Savannah, Ga. :</subfield><subfield code="b">F.W. Sims,</subfield><subfield code="c">[1858-1865]</subfield></datafield><datafield ind1=" " ind2=" " tag="300"><subfield code="a">9 v.</subfield></datafield><datafield ind1=" " ind2=" " tag="310"><subfield code="a">Daily (except Sunday)</subfield></datafield><datafield ind1="0" ind2=" " tag="362"><subfield code="a">Vol. 57, no. 256 (Oct. 25, 1858)-v. 65, no. 246 (Oct. 20, 1865).</subfield></datafield><datafield ind1=" " ind2=" " tag="500"><subfield code="a">Publishers: F.W. Sims, 1858-1864; J.E. Hayes &amp; Co., 1864-1865; J.E. Hayes, 1865.</subfield></datafield><datafield ind1=" " ind2=" " tag="515"><subfield code="a">On Dec. 29, 1864 called v. 1, no. 1; continued new numbering through Feb. 19, 1865 at which time reverted back to old numbering system.</subfield></datafield><datafield ind1=" " ind2=" " tag="530"><subfield code="a">Also issued on microfilm.</subfield></datafield><datafield ind1=" " ind2=" " tag="580"><subfield code="a">Triweekly ed.: Savannah Republican (Savannah, Ga. : Triweekly), &lt;1863&gt;-1865; weekly ed.: Savannah weekly Republican, &lt;1861&gt;-1865.</subfield></datafield><datafield ind1=" " ind2="0" tag="651"><subfield code="a">Savannah (Ga.)</subfield><subfield code="v">Newspapers.</subfield></datafield><datafield ind1=" " ind2="0" tag="651"><subfield code="a">Chatham County (Ga.)</subfield><subfield code="v">Newspapers.</subfield></datafield><datafield ind1=" " ind2="7" tag="651"><subfield code="a">Georgia</subfield><subfield code="z">Chatham County.</subfield><subfield code="2">fast</subfield><subfield code="0">(OCoLC)fst01207617</subfield></datafield><datafield ind1=" " ind2="7" tag="651"><subfield code="a">Georgia</subfield><subfield code="z">Savannah.</subfield><subfield code="2">fast</subfield><subfield code="0">(OCoLC)fst01207319</subfield></datafield><datafield ind1=" " ind2="7" tag="655"><subfield code="a">Newspapers.</subfield><subfield code="2">fast</subfield><subfield code="0">(OCoLC)fst01423814</subfield></datafield><datafield ind1=" " ind2="7" tag="655"><subfield code="a">Newspapers.</subfield><subfield code="2">rbgenr</subfield></datafield><datafield ind1=" " ind2=" " tag="752"><subfield code="a">United States</subfield><subfield code="b">Georgia</subfield><subfield code="c">Chatham</subfield><subfield code="d">Savannah.</subfield></datafield><datafield ind1="1" ind2=" " tag="775"><subfield code="t">Savannah Republican (Savannah, Ga. : Triweekly)</subfield><subfield code="w">(DLC)sn 85038497</subfield><subfield code="w">(OCoLC)12608761</subfield></datafield><datafield ind1="1" ind2=" " tag="775"><subfield code="t">Savannah weekly Republican</subfield><subfield code="w">(DLC)sn 85038498</subfield><subfield code="w">(OCoLC)12608771</subfield></datafield><datafield ind1="0" ind2="0" tag="780"><subfield code="t">Savannah daily Republican (Savannah, Ga. : 1855)</subfield><subfield code="w">(DLC)sn 87062330</subfield><subfield code="w">(OCoLC)16581833</subfield></datafield><datafield ind1="0" ind2="5" tag="780"><subfield code="t">Savannah daily loyal Georgian</subfield><subfield code="g">1864</subfield><subfield code="w">(DLC)sn 82014390</subfield><subfield code="w">(OCoLC)8773404</subfield></datafield><datafield ind1="0" ind2="0" tag="785"><subfield code="t">Savannah national Republican (Savannah, Ga. : 1865)</subfield><subfield code="w">(DLC)sn 82014289</subfield><subfield code="w">(OCoLC)8797516</subfield></datafield><datafield ind1=" " ind2=" " tag="938"><subfield code="a">Kirtas Technologies, Inc.</subfield><subfield code="b">KRTS</subfield><subfield code="n">739390</subfield></datafield></record>